<?xml version="1.0" encoding="UTF-8"?><record xmlns="http://www.loc.gov/MARC21/slim" xmlns:cinclude="http://apache.org/cocoon/include/1.0" xmlns:zs="http://www.loc.gov/zing/srw/">
  <leader>00627nz  a2200133n  4500</leader>
  <controlfield tag="001">nr 00031417 </controlfield>
  <controlfield tag="003">DLC</controlfield>
  <controlfield tag="005">20001006034017.0</controlfield>
  <controlfield tag="008">001004n| acannaabn          |n ana     c</controlfield>
  <datafield tag="010" ind1=" " ind2=" ">
    <subfield code="a">nr 00031417 </subfield>
  </datafield>
  <datafield tag="040" ind1=" " ind2=" ">
    <subfield code="a">CaQMCCA</subfield>
    <subfield code="b">eng</subfield>
    <subfield code="c">CaQMCCA</subfield>
  </datafield>
  <datafield tag="110" ind1="2" ind2=" ">
    <subfield code="a">Bligh, Voller, Nield</subfield>
  </datafield>
  <datafield tag="670" ind1=" " ind2=" ">
    <subfield code="a">Bligh, Voller, Nield, c1998:</subfield>
    <subfield code="b">p. 3 (established during 1997 to 1998 with merger of Bligh Voller Architects, Lawrence Nield and Partners Australia, and Grose Bradley; there are twelve principals with major offices located in Brisbane, Sydney, Canberra and Melbourne)</subfield>
  </datafield>
  <datafield tag="670" ind1=" " ind2=" ">
    <subfield code="a">RLIN ARF, Oct. 4, 2000</subfield>
    <subfield code="b">(Bligh Voller Nield; Australian architectural firm)</subfield>
  </datafield>
</record>